@proceedings{wordplay-2022-wordplay,
    title = "Proceedings of the 3rd Wordplay: When Language Meets Games Workshop (Wordplay 2022)",
    editor = "C{\^o}t{\'e}, Marc-Alexandre  and
      Yuan, Xingdi  and
      Ammanabrolu, Prithviraj",
    month = jul,
    year = "2022",
    address = "Seattle, United States",
    publisher = "Association for Computational Linguistics",
    url = "https://aclanthology.org/2022.wordplay-1.0",
}